

@INPROCEEDINGS{architecturemobilep2p,
 author = "Frank-Uwe Andersen and Hermann de Meer and Ivan Dedinski and Cornelia Kappler and Andreas M{\"a}der and Jens Oberender and Kurt Tutschku",
 title = "An Architecture Concept for Mobile P2P File Sharing Services",
 booktitle = "Workshop at Informatik 2004 - Algorithms and Protocols for Efficient Peer-to-Peer Applications",
 pages = "229-233",
 address = "Ulm",
 month = "9",
 year = "2004",
 abstract = {File-sharing in mobile networks 
		has differing demands to a P2P architecture.
		Resource access and mediation techniques 
		must follow constraints given in 2.5G/3G networks.
		Enhancing the eDonkey protocol, we reconcile
		decentralized operation with traffic control.}
 }
}

@INPROCEEDINGS{RW_1_1,
author={S. {Sangob} and S. {Sirisumrannukul}},
booktitle={2019 IEEE PES GTD Grand International Conference and Exposition Asia (GTD Asia)},
title={Volt/Var Control with Electric Vehicle Loads in Distribution Network by Particle Swarm Optimization},
year={2019},
volume={},
number={},
pages={304-309},
keywords={capacitor switching;electric vehicles;load dispatching;on load tap changers;particle swarm optimisation;power distribution control;power distribution economics;scheduling;substations;voltage control;electric vehicle loads;distribution network;particle swarm optimization;electricity;on-load tap changer;substation;system operational constraints;distribution system;dispatch schedule;system power loss minimization;Volt-VAr control;Volt-VAr scheduling problem;switched capacitors;voltage profile;system operator;Capacitors;Reactive power;Substations;Particle swarm optimization;Electric vehicles;Voltage control;Mathematical model;Electric vehicle;Particle swarm optimization;Voltage control},
doi={10.1109/GTDAsia.2019.8715959},
ISSN={null},
month={March},}

@INPROCEEDINGS{RW_2_1,
author={M. {Nour} and S. M. {Said} and A. {Ali} and C. {Farkas}},
booktitle={2019 International Conference on Innovative Trends in Computer Engineering (ITCE)},
title={Smart Charging of Electric Vehicles According to Electricity Price},
year={2019},
volume={},
number={},
pages={432-437},
keywords={battery powered vehicles;distribution networks;electric vehicle charging;fuzzy control;secondary cells;electricity price signal;smart charging method;uncontrolled charging;EV owner;EV charging power;electric utility;EV charging process;fuzzy logic controller;electric vehicles charging;distribution network;electric power system;private vehicles;time 1.0 hour;Electric vehicle charging;Loading;Power industry;Batteries;Power demand;Power transformers;Uncontrolled charging;smart charging;electric vehicles;fuzzy logic control},
doi={10.1109/ITCE.2019.8646425},
ISSN={null},
month={Feb},}

@inproceedings{RW_3_1,
author = {Alyousef, Ammar and de Meer, Hermann},
title = {Design of a TCP-like Smart Charging Controller for Power Quality in Electrical Distribution Systems},
year = {2019},
isbn = {9781450366717},
publisher = {Association for Computing Machinery},
address = {New York, NY, USA},
url = {https://doi.org/10.1145/3307772.3328293},
doi = {10.1145/3307772.3328293},
booktitle = {Proceedings of the Tenth ACM International Conference on Future Energy Systems},
pages = {128–138},
numpages = {11},
keywords = {Assets Overloading, Distributed Smart Charging, Traffic Light Model, Voltage Control, Charging Station, Power Quality, Electric Vehicle, Transmission Control Protocol},
location = {Phoenix, AZ, USA},
series = {e-Energy ’19}
}
